<record><leader>00000cas a22000007a 4500</leader><controlfield tag="001">26245180</controlfield><controlfield tag="008">920723d19611979ctuwr ne      0    0eng d</controlfield><controlfield tag="009">14297</controlfield><datafield ind1=" " ind2=" " tag="010"><subfield code="a">sn 92051320 </subfield></datafield><datafield ind1=" " ind2=" " tag="040"><subfield code="a">CNW</subfield><subfield code="b">eng</subfield><subfield code="c">CNW</subfield><subfield code="d">OCLCQ</subfield></datafield><datafield ind1="1" ind2=" " tag="029"><subfield code="a">AU@</subfield><subfield code="b">000020738907</subfield></datafield><datafield ind1=" " ind2=" " tag="042"><subfield code="a">msc</subfield></datafield><datafield ind1="0" ind2=" " tag="130"><subfield code="a">News (Niantic, Conn.)</subfield></datafield><datafield ind1="0" ind2="4" tag="245"><subfield code="a">The news.</subfield></datafield><datafield ind1=" " ind2=" " tag="260"><subfield code="a">Niantic, Conn. :</subfield><subfield code="b">Duncan H. Fraser</subfield></datafield><datafield ind1=" " ind2=" " tag="300"><subfield code="a">v.</subfield></datafield><datafield ind1=" " ind2=" " tag="310"><subfield code="a">Weekly</subfield></datafield><datafield ind1="0" ind2=" " tag="362"><subfield code="a">12th year, no. 14 (Apr. 6, 1961)-27th year, no. 42 (Oct. 5, 1976) ; Vol. 28, no. 43 (Oct. 12, 1976)-</subfield></datafield><datafield ind1="1" ind2=" " tag="362"><subfield code="a">Ceased in 1979.</subfield></datafield><datafield ind1=" " ind2=" " tag="500"><subfield code="a">Published in Guilford, Conn., Oct. 12, 1976-1979.</subfield></datafield><datafield ind1=" " ind2="4" tag="651"><subfield code="a">East Lyme (Conn.)</subfield><subfield code="v">Newspapers.</subfield></datafield><datafield ind1=" " ind2="4" tag="651"><subfield code="a">Niantic (Conn.)</subfield><subfield code="v">Newspapers.</subfield></datafield><datafield ind1=" " ind2="4" tag="651"><subfield code="a">Waterford (Conn.)</subfield><subfield code="v">Newspapers.</subfield></datafield><datafield ind1=" " ind2="4" tag="651"><subfield code="a">Old Lyme (Conn.)</subfield><subfield code="v">Newspapers.</subfield></datafield><datafield ind1=" " ind2="4" tag="651"><subfield code="a">Lyme (Conn.)</subfield><subfield code="v">Newspapers.</subfield></datafield><datafield ind1=" " ind2=" " tag="752"><subfield code="a">United States</subfield><subfield code="b">Connecticut</subfield><subfield code="c">New Haven</subfield><subfield code="d">Guilford.</subfield></datafield><datafield ind1="0" ind2="0" tag="780"><subfield code="t">Niantic news (Niantic, Conn.)</subfield><subfield code="w">(DLC)sn92051319</subfield></datafield><datafield ind1="0" ind2="0" tag="785"><subfield code="t">Niantic news (Guilford, Conn.)</subfield><subfield code="w">(DLC)sn92051321</subfield></datafield></record>